@inproceedings{zhou2007multi,
  title={Multi-instance multi-label learning with application to scene classification},
  author={Zhou, Z.H. and Zhang, M.L.},
  booktitle = "Advances in Neural Information Processing Systems",
  year={2006},
}
@article{wang2003image,
  title={{Image segmentation with Ratio Cut}},
  author={Wang, S. and Siskind, J.M.},
  journal={Pattern Analysis and Machine Intelligence},
  year={2003},
  publisher={IEEE Computer Society}
}

@inproceedings{zha2008joint,
  title={Joint multi-label multi-instance learning for image classification},
  author={Zha, Z.J. and Hua, X.S. and Mei, T. and Wang, J. and Qi, G.J. and Wang, Z.},
  booktitle={Computer Vision and Pattern Recognition},
  year={2008},
}
@inproceedings{zhou2009multi,
  title={Multi-instance learning by treating instances as non-IID samples},
  author={Zhou, Z.H. and Sun, Y.Y. and Li, Y.F.},
  booktitle={International Conference on Machine Learning},
  year={2009},
}
@inproceedings{carreira2010constrained,
  title={Constrained parametric min-cuts for automatic object segmentation},
  author={Carreira, J. and Sminchisescu, C.},
  booktitle={Computer Vision and Pattern Recognition},
  year={2010},
}
@inproceedings{li2010object,
  title={Object recognition as ranking holistic figure-ground hypotheses},
  author={Li, F. and Carreira, J. and Sminchisescu, C.},
  booktitle={Computer Vision and Pattern Recognition},
  year={2010},
}

@inproceedings{endres2010category,
  title={Category independent object proposals},
  author={Endres, I. and Hoiem, D.},
  journal={European Converence on Computer Vision},
  year={2010},
  publisher={Springer}
}
@inproceedings{catanzaro2009efficient,
  title={Efficient, high-quality image contour detection},
  author={Catanzaro, B. and Su, B.Y. and Sundaram, N. and Lee, Y. and Murphy, M. and Keutzer, K.},
  booktitle={International Conference on Computer Vision},
  year={2009},
}
@inproceedings{maire2008using,
  title={Using contours to detect and localize junctions in natural images},
  author={Maire, M. and Arbel{\'a}ez, P. and Fowlkes, C. and Malik, J.},
  booktitle={Computer Vision and Pattern Recognition},
  year={2008},
}

@inproceedings{graetner2002multi,
  title={Multi-instance kernels},
  author={G{\"a}rtner, T. and Flach, P.A. and Kowalczyk, A. and Smola, A.J.},
  booktitle={International Conference on Machine Learning},
  year={2002},
}

@inproceedings{NIPS2010_0122,
    title = "Segmentation as Maximum-Weight Independent Set",
    author = "William Brendel and Sinisa Todorovic",
    booktitle = "Advances in Neural Information Processing Systems 23",
    editor = "J. Lafferty and C. K. I. Williams and J. Shawe-Taylor and R.S. Zemel and A. Culotta",
    year = "2010"
}

@inproceedings{liconvex2010,
    title = "Convex Multiple-Instance Learning by Estimating Likelihood Ratio",
    author = "Fuxin Li and Cristian Sminchisescu",
    booktitle = "Advances in Neural Information Processing Systems",
    year = "2010"
}
@inproceedings{zhang2008m3miml,
  title={M3MIML: A maximum margin method for multi-instance multi-label learning},
  author={Zhang, M.L. and Zhou, Z.H.},
  booktitle={International Conference on Data Mining},
  year={2008},
}

@inproceedings{nguyen2010new,
  title={{A New SVM Approach to Multi-instance Multi-label Learning}},
  author={Nguyen, N.},
  booktitle={International Conference on Data Mining},
  year={2010},
}
@article{boutella2004learning,
  title={Learning multi-label scene classification},
  author={Boutella, M.R. and Luob, J. and Shena, X. and Browna, C.M.},
  journal={Pattern Recognition},
  volume={37},
  year={2004},
}
 
@inproceedings{verbeek2007region,
  title={{Region classification with Markov field aspect models}},
  author={Verbeek, J. and Triggs, B.},
  booktitle={Computer Vision and Pattern Recognition},
  year={2007},
}
@inproceedings{ladicky2009associative,
  title={{Associative hierarchical CRFs for object class image segmentation}},
  author={Ladicky, L. and Russell, C. and Kohli, P. and Torr, P.H.S.},
  booktitle={International Conference on Computer Vision},
  year={2009},
}
@inproceedings{gonfaus2010harmony,
  title={Harmony potentials for joint classification and segmentation},
  author={Gonfaus, J.M. and Boix, X. and van de Weijer, J. and Bagdanov, A.D. and Serrat, J. and Gonzalez, J.},
  booktitle={Conference on Computer Vision and Pattern Recognition},
  year={2010},
}

@article{schroff2006single,
  title={Single-histogram class models for image segmentation},
  author={Schroff, F. and Criminisi, A. and Zisserman, A.},
  journal={Computer Vision, Graphics and Image Processing},
  year={2006},
  publisher={Springer}
}
@article{russell2008labelme,
  title={LabelMe: a database and web-based tool for image annotation},
  author={Russell, B.C. and Torralba, A. and Murphy, K.P. and Freeman, W.T.},
  journal={International Journal of Computer Vision},
  volume={77},
  number={1},
  year={2008},
  publisher={Springer}
}
@article{hanbury2008superpixels,
  title={How Do Superpixels Affect Image Segmentation?},
  author={Hanbury, A.},
  journal={Progress in Pattern Recognition, Image Analysis and Applications},
  year={2008},
  publisher={Springer}
}

@article{schulz2011exploiting,
  title={{Exploiting local structure in Boltzmann machines}},
  author={Schulz, H. and M{\"u}ller, A. and Behnke, S.},
  journal={Neurocomputing},
  volume={74},
  number={9},
  year={2011},
  publisher={Elsevier}
}
@article{shogun,
  title={The SHOGUN machine learning toolbox},
  author={Sonnenburg, S. and R{\"a}tsch, G. and Henschel, S. and Widmer, C. and Behr, J. and Zien, A. and Bona, F. and Binder, A. and Gehl, C. and Franc, V.},
  journal={The Journal of Machine Learning Research},
  volume={99},
  year={2010},
  publisher={MIT Press}
}
@article{svmlight,
  title={{Making large-Scale SVM Learning Practical}},
  journal={Advances in Kernel Methods-Support Vector Learning, },
  author={Joachims, T. Sch{\"o}lkopf, B. and Burges, C. and Smola,A.},
  year={1999},
  publisher={MIT press}
}

@inproceedings{andrews2003support,
  title={Support vector machines for multiple-instance learning},
  author={Andrews, S. and Tsochantaridis, I. and Hofmann, T.},
  journal={Advances in neural information processing systems},
  year={2003},
}

@inproceedings{schroff2008object,
  title={Object class segmentation using random forests},
  author={Schroff, F. and Criminisi, A. and Zisserman, A.},
  booktitle={British Machine Vision Conference},
  year={2008},
}
@inproceedings{jiang2009efficient,
  title={Efficient scale space auto-context for image segmentation and labeling},
  author={Jiang, J. and Tu, Z.},
  booktitle={Conference on Computer Vision and Pattern Recognition},
  year={2009},
}
@inproceedings{fulkerson2009class,
  title={Class segmentation and object localization with superpixel neighborhoods},
  author={Fulkerson, B. and Vedaldi, A. and Soatto, S.},
  booktitle={Int. Conf. on Computer Vision},
  year={2009},
}
@article{dietterich1997solving,
  title={Solving the multiple instance problem with axis-parallel rectangles},
  author={Dietterich, T.G. and Lathrop, R.H. and Lozano-P{\'e}rez, T.},
  journal={Artificial Intelligence},
  volume={89},
  number={1-2},
  year={1997},
  publisher={Elsevier}
}
@Article{pascal,
   author = "Everingham, M. and Van~Gool, L. and Williams, C. K. I. and Winn, J. and Zisserman, A.",
   title = {{The Pascal Visual Object Classes (VOC) Challenger}},
   journal = "International Journal of Computer Vision",
   volume = "88",
   year = "2010",
   number = "2",
   month = jun,
} 
@article{lowe2004distinctive,
  title={Distinctive image features from scale-invariant keypoints},
  author={Lowe, D.G.},
  journal={International Journal of Computer Vision},
  volume={60},
  number={2},
  year={2004},
  publisher={Springer}
}
@inproceedings{dalal2005histograms,
  title={Histograms of Oriented Gradients for Human Detection},
  author={Dalal, N. and Triggs, B.},
  booktitle={Computer Vision and Pattern Recognition},
  volume={1},
  year={2005}
}
@article{van2009evaluating,
  title={Evaluating color descriptors for object and scene recognition},
  author={Van De Sande, K.E.A. and Gevers, T. and Snoek, C.G.M.},
  journal={Pattern Analysis and Machine Intelligence},
  year={2009},
}

