@string{NIPS = "Neural Information Processing Systems"}
@string{ICML = "International Conference on Machine Learning"}
@string{JMLR = "Journal of Machine Learning Research"}
@string{PAMI = "Pattern Analysis and Machine Intelligence"}
@string{CVPR = "Computer Vision and Pattern Recognition"}
@string{ICCV = "International Converence on Computer Vision"}

@inproceedings{carreira2010constrained,
  title={Constrained parametric min-cuts for automatic object segmentation},
  author={Carreira, J. and Sminchisescu, C.},
  booktitle=CVPR,
  year={2010},
}
@inproceedings{li2010object,
  title={Object recognition as ranking holistic figure-ground hypotheses},
  author={Li, F. and Carreira, J. and Sminchisescu, C.},
  booktitle=CVPR,
  year={2010},
}
@inproceedings{verbeek2007region,
  title={{Region classification with Markov field aspect models}},
  author={Verbeek, J. and Triggs, B.},
  booktitle=CVPR,
  year={2007},
}
@inproceedings{ladicky2009associative,
  title={{Associative hierarchical CRFs for object class image segmentation}},
  author={Ladicky, L. and Russell, C. and Kohli, P. and Torr, P.H.S.},
  booktitle=ICCV,
  year={2009},
}
@inproceedings{gonfaus2010harmony,
  title={Harmony potentials for joint classification and segmentation},
  author={Gonfaus, J.M. and Boix, X. and van de Weijer, J. and Bagdanov, A.D. and Serrat, J. and Gonzalez, J.},
  booktitle=CVPR,
  year={2010},
}

@article{schroff2006single,
  title={Single-histogram class models for image segmentation},
  author={Schroff, F. and Criminisi, A. and Zisserman, A.},
  journal={Computer Vision, Graphics and Image Processing},
  year={2006},
}
@inproceedings{fulkerson2009class,
  title={Class segmentation and object localization with superpixel neighborhoods},
  author={Fulkerson, Brian and Vedaldi, Andrea and Soatto, S.},
  booktitle=ICCV,
  year={2009},
}
@article{van2009evaluating,
  title={Evaluating color descriptors for object and scene recognition},
  author={Van De Sande, K.E.A. and Gevers, T. and Snoek, C.G.M.},
  journal=PAMI,
  year={2009},
}

@article{joachims2009cutting,
  title={{Cutting-plane training of structural SVMs}},
  author={Joachims, Thorsten and Finley, Thomas and Yu, Chun-Nam John},
  journal={Machine Learning},
  volume={77},
  number={1},
  year={2009},
}
@article{taskar2003max,
  title={Max-margin Markov networks},
  author={Taskar, Ben and Guestrin, Carlos and Koller, Daphne},
  journal=NIPS,
  year={2003}
}

@article{tsochantaridis2006large,
  title={Large margin methods for structured and interdependent output variables},
  author={Tsochantaridis, Ioannis and Joachims, Thorsten and Hofmann, Thomas and Altun, Yasemin and Singer, Yoram},
  journal=JMLR,
  volume={6},
  number={2},
  year={2006},
  publisher={THE MIT PRESS}
}

@inproceedings{lucchi2011spatial,
  title={Are spatial and global constraints really necessary for segmentation?},
  author={Lucchi, Aur{\'e}lien and Li, Yunpeng and Boix, Xavier and Smith, Kevin and Fua, Pascal},
  booktitle=ICCV,
  year={2011},
}
@article{achanta2012slic,
  title={{SLIC Superpixels Compared to State-of-the-Art Superpixel Methods}},
  author={Achanta, Radhakrishna and Shaji, Appu and Smith, Kevin and Lucchi, Aurelien and Fua, Pascal and S{\"u}sstrunk, Sabine},
  journal=PAMI,
  year={2012},
}

@article{kohli2009robust,
  title={Robust higher order potentials for enforcing label consistency},
  author={Kohli, Pushmeet and Torr, Philip HS and others},
  journal={International Journal of Computer Vision},
  volume={82},
  number={3},
  year={2009},
}

@inproceedings{lucchi2013learning,
  title={Learning for Structured Prediction Using Approximate Subgradient Descent with Working Sets},
  author={Lucchi, Aur{\'e}lien and Li, Yunpeng and Fua, Pascal},
  booktitle=CVPR,
  year={2013}
}

@inproceedings{lucchi2012structured,
  title={Structured image segmentation using kernelized features},
  author={Lucchi, Aur{\'e}lien and Li, Yunpeng and Smith, Kevin and Fua, Pascal},
  booktitle=ECCV,
  year={2012},
}
@inproceedings{vedaldi2010efficient,
  title={Efficient additive kernels via explicit feature maps},
  author={Vedaldi, Andrea and Zisserman, Andrew},
  booktitle={Computer Vision and Pattern Recognition (CVPR)},
  year={2010},
}
@article{pedregosa2011scikit,
  title={Scikit-learn: Machine learning in Python},
  author={Pedregosa, Fabian and Varoquaux, Ga{\"e}l and Gramfort, Alexandre and Michel, Vincent and Thirion, Bertrand and Grisel, Olivier and Blondel, Mathieu and Prettenhofer, Peter and Weiss, Ron and Dubourg, Vincent and others},
  journal=JMLR,
  volume={12},
  year={2011},
  publisher={JMLR. org}
}

@incollection{szummer2008learning,
  title={{Learning CRFs using graph cuts}},
  author={Szummer, Martin and Kohli, Pushmeet and Hoiem, Derek},
  booktitle=ECCV,
  year={2008},
}
@inproceedings{yu2009learning,
  title={{Learning structural SVMs with latent variables}},
  author={Yu, Chun-Nam John and Joachims, Thorsten},
  booktitle=ICML,
  year={2009},
}
@inproceedings{finley2008training,
  title={{Training structural SVMs when exact inference is intractable}},
  author={Finley, Thomas and Joachims, Thorsten},
  booktitle=ICML,
  year={2008},
}
@inproceedings{krahenbuhl2012efficient,
  title={{Efficient inference in fully connected CRFs with Gaussian edge potentials}},
  author={Kr{\"a}henb{\"u}hl, Philipp and Koltun, Vladlen},
  journal=NIPS,
  year={2012}
}

@incollection{nowozin2010parameter,
  title={{On parameter learning in CRF-based approaches to object class image segmentation}},
  author={Nowozin, Sebastian and Gehler, Peter V and Lampert, Christoph H},
  booktitle=ECCV,
  year={2010},
}

@inproceedings{rother2007optimizing,
  title={{Optimizing binary MRFs via extended roof duality}},
  author={Rother, Carsten and Kolmogorov, Vladimir and Lempitsky, Victor and Szummer, Martin},
  booktitle=CVPR,
  year={2007},
}

@inproceedings{meshi2010learning,
  title={Learning efficiently with approximate inference via dual losses},
  author={Meshi, Ofer and Sontag, David and Jaakkola, Tommi and Globerson, Amir},
  year={2010},
  booktitle=ICML,
}

@inproceedings{komodakis2011efficient,
  title={Efficient training for pairwise or higher order CRFs via dual decomposition},
  author={Komodakis, Nikos},
  booktitle=CVPR,
  year={2011},
}
@inproceedings{hazan2010primal,
  title={A primal-dual message-passing algorithm for approximated large scale structured prediction},
  author={Hazan, Tamir and Urtasun, Raquel},
  booktitle=NIPS,
  year={2010}
}


@article{boykov2001fast,
  title={Fast approximate energy minimization via graph cuts},
  author={Boykov, Yuri and Veksler, Olga and Zabih, Ramin},
  journal=PAMI,
  volume={23},
  number={11},
  year={2001},
}

@inproceedings{szummer2005learning,
  title={Learning diagram parts with hidden random fields},
  author={Szummer, Martin},
  booktitle={Document Analysis and Recognition, 2005. Proceedings. Eighth International Conference on},
  year={2005},
}

@article{quattoni2007hidden,
  title={Hidden conditional random fields},
  author={Quattoni, Ariadna and Wang, Sybor and Morency, L-P and Collins, Michael and Darrell, Trevor},
  journal=PAMI,
  volume={29},
  number={10},
  year={2007},
}

@inproceedings{winn2006layout,
  title={The layout consistent random field for recognizing and segmenting partially occluded objects},
  author={Winn, John and Shotton, Jamie},
  booktitle=CVPR,
  year={2006},
}

@inproceedings{ratliff2007online,
   author = "Nathan Ratliff and J. Andrew (Drew) Bagnell and Martin Zinkevich",
   title = "(Online) Subgradient Methods for Structured Prediction",
   booktitle = "Eleventh International Conference on Artificial Intelligence and Statistics",
   month = "March",
   year = "2007",
} 

@inproceedings{schwing2012efficient,
  title={Efficient Structured Prediction with Latent Variables for General Graphical Models},
  author={Schwing, Alexander and Hazan, Tamir and Pollefeys, Marc and Urtasun, Raquel},
  booktitle=ICML,
  year={2012}
}


@inproceedings{shotton2006textonboost,
  title={Textonboost: Joint appearance, shape and context modeling for multi-class object recognition and segmentation},
  author={Shotton, Jamie and Winn, John and Rother, Carsten and Criminisi, Antonio},
  booktitle=ECCV,
  year={2006},
}

@article{van2010evaluating,
  title={Evaluating color descriptors for object and scene recognition},
  author={van de Sande, Koen EA and Gevers, Theo and Snoek, Cees GM},
  journal=PAMI,
  volume={32},
  number={9},
  year={2010},
}
@inproceedings{dahl2006cvxopt,
  title={Cvxopt: A python package for convex optimization},
  author={Dahl, Joachin and Vandenberghe, L},
  booktitle=ECCV,
  year={2006}
}

@inproceedings{wick2011samplerank,
  title={Samplerank: Training factor graphs with atomic gradients},
  author={Wick, Michael and Rohanimanesh, Khashayar and Bellare, Kedar and Culotta, Aron and McCallum, Andrew},
  booktitle=ICML,
  year={2011}
}

@inproceedings{kappes2013comparative,
  title={A Comparative Study of Modern Inference Techniques for Discrete Energy Minimization Problems},
  author={Kappes, J{\"o}rg H and Andres, Bjoern and Hamprecht, Fred A and Schn{\"o}rr, Christoph and Nowozin, Sebastian and Batra, Dhruv and Kim, Sungwoong and Kausler, Bernhard X and Lellmann, Jan and Komodakis, Nikos and others},
  year={2013},
  booktitle=CVPR,
}

@article{lempitsky2010fusion,
  title={Fusion moves for markov random field optimization},
  author={Lempitsky, Victor and Rother, Carsten and Roth, Stefan and Blake, Andrew},
  journal=PAMI,
  volume={32},
  number={8},
  year={2010},
}

@inproceedings{martins2011augmented,
  title={An augmented Lagrangian approach to constrained map inference},
  author={Martins, Andr{\'e} FT and Figueiredo, M{\'a}rio AT and Aguiar, Pedro MQ and Smith, Noah A and Xing, Eric P},
  booktitle=ICML,
  year={2011}
}

@misc{vedaldi08vlfeat,
 Author = {Andrea Vedaldi and Brian Fulkerson},
 Title = {{VLFeat}: An Open and Portable Library
          of Computer Vision Algorithms},
 Year  = {2008},
 Howpublished = {\url{http://www.vlfeat.org/}}
}

@book{sra2012optimization,
  title={Optimization for Machine Learning},
  author={Sra, Suvrit and Nowozin, Sebastian and Wright, Stephen J},
  year={2012},
  publisher={{MIT Press}}
}

@book{blake2011markov,
  title={Markov random fields for vision and image processing},
  author={Blake, Andrew and Kohli, Pushmeet and Rother, Carsten},
  year={2011},
  publisher={{MIT Press}}
}

@book{nowozin2011structured,
  title={Structured learning and prediction in computer vision},
  author={Nowozin, Sebastian and Lampert, Christoph H},
  year={2011},
  publisher={Now publishers Inc}
}

@inproceedings{dann2012pottics,
  title={Pottics--The Potts Topic Model for Semantic Image Segmentation},
  author={Dann, Christoph and Gehler, Peter and Roth, Stefan and Nowozin, Sebastian},
  booktitle={German Conference on Pattern Recognition (DAGM)},
  year={2012},
}

@inproceedings{krahenbuhlparameter,
    title={Parameter Learning and Convergent Inference for Dense Random Fields},
    author={Kr{\"a}henb{\"u}hl, Philipp and Koltun, Vladlen},
    year={2013},
    booktitle=ICML
}

@inproceedings{li2013composite,
  title={Composite statistical inference for semantic segmentation},
  author={Li, Fuxin and Carreira, Joao and Lebanon, Guy and Sminchisescu, Cristian},
  year={2013},
  booktitle=CVPR
}

@inproceedings{xia2012segmentation,
  title={Segmentation over detection by coupled global and local sparse representations},
  author={Xia, Wei and Song, Zheng and Feng, Jiashi and Cheong, Loong-Fah and Yan, Shuicheng},
  booktitle=ECCV,
  year={2012}
}

