@inproceedings{zhou2007multi,
  title={Multi-instance multi-label learning with application to scene classification},
  author={Zhou, Z.H. and Zhang, M.L.},
  booktitle = "Advances in Neural Information Processing Systems",
  pages={1609--1616},
  year={2006},
}
@article{wang2003image,
  title={{Image segmentation with Ratio Cut}},
  author={Wang, S. and Siskind, J.M.},
  journal={IEEE Transactions on Pattern Analysis and Machine Intelligence},
  pages={675--690},
  year={2003},
  publisher={IEEE Computer Society}
}
@InProceedings{ICML2011Babenko_74,
  author =    {Boris Babenko and Nakul Verma and Piotr Dollar and Serge Belongie},
  title =     {Multiple Instance Learning with Manifold Bags},
  booktitle = {International Conference on Machine Learning },
  year =      {2011},
  pages=      {81--88},
}
@inproceedings{zha2008joint,
  title={Joint multi-label multi-instance learning for image classification},
  author={Zha, Z.J. and Hua, X.S. and Mei, T. and Wang, J. and Qi, G.J. and Wang, Z.},
  booktitle={Conference on Computer Vision and Pattern Recognition},
  pages={1--8},
  year={2008},
}
@article{li2009convex,
  title={A Convex Method for Locating Regions of Interest with Multi-instance Learning},
  author={Li, Y.F. and Kwok, J. and Tsang, I. and Zhou, Z.H.},
  journal={Machine Learning and Knowledge Discovery in Databases},
  pages={15--30},
  year={2009},
  publisher={Springer}
}

@inproceedings{zhou2009multi,
  title={Multi-instance learning by treating instances as non-IID samples},
  author={Zhou, Z.H. and Sun, Y.Y. and Li, Y.F.},
  booktitle={International Conference on Machine Learning},
  pages={1249--1256},
  year={2009},
}
@inproceedings{carreira2010constrained,
  title={Constrained parametric min-cuts for automatic object segmentation},
  author={Carreira, J. and Sminchisescu, C.},
  booktitle={Conference on Computer Vision and Pattern Recognition},
  year={2010},
  pages={3241--3248},
}
@inproceedings{li2010object,
  title={Object recognition as ranking holistic figure-ground hypotheses},
  author={Li, F. and Carreira, J. and Sminchisescu, C.},
  booktitle={Conference on Computer Vision and Pattern Recognition},
  year={2010},
  pages={1712--1719},
}

@inproceedings{endres2010category,
  title={Category independent object proposals},
  author={Endres, I. and Hoiem, D.},
  journal={European Converence on Computer Vision},
  pages={575--588},
  year={2010},
  publisher={Springer}
}
@inproceedings{catanzaro2009efficient,
  title={Efficient, high-quality image contour detection},
  author={Catanzaro, B. and Su, B.Y. and Sundaram, N. and Lee, Y. and Murphy, M. and Keutzer, K.},
  booktitle={International Conference on Computer Vision},
  pages={2381--2388},
  year={2009},
}
@inproceedings{maire2008using,
  title={Using contours to detect and localize junctions in natural images},
  author={Maire, M. and Arbel{\'a}ez, P. and Fowlkes, C. and Malik, J.},
  booktitle={Conference on Computer Vision and Pattern Recognition},
  pages={1--8},
  year={2008},
}

@inproceedings{gaertner2002multi,
  title={Multi-instance kernels},
  author={G{\"a}rtner, T. and Flach, P.A. and Kowalczyk, A. and Smola, A.J.},
  booktitle={International Conference on Machine Learning},
  pages={179--186},
  year={2002},
}

@inproceedings{NIPS2010_0122,
    title = "Segmentation as Maximum-Weight Independent Set",
    author = "Brendel, W. and Todorovic, S.",
    booktitle = "Advances in Neural Information Processing Systems 23",
    editor = "J. Lafferty and C. K. I. Williams and J. Shawe-Taylor and R.S. Zemel and A. Culotta",
    pages = "307--315",
    year = "2010"
}

@inproceedings{liconvex2010,
    title = "Convex Multiple-Instance Learning by Estimating Likelihood Ratio",
    author = "Li, F. and Sminchisescu, C.",
    booktitle = "Advances in Neural Information Processing Systems",
    pages = "1360--1368",
    year = "2010"
}
@inproceedings{zhang2008m3miml,
  title={M3MIML: A maximum margin method for multi-instance multi-label learning},
  author={Zhang, M.L. and Zhou, Z.H.},
  booktitle={International Conference on Data Mining},
  pages={688--697},
  year={2008},
}

@inproceedings{nguyen2010new,
  title={{A New SVM Approach to Multi-instance Multi-label Learning}},
  author={Nguyen, N.},
  booktitle={International Conference on Data Mining},
  pages={384--392},
  year={2010},
}
@article{boutella2004learning,
  title={Learning multi-label scene classification},
  author={Boutella, M.R. and Luob, J. and Shena, X. and Browna, C.M.},
  journal={Pattern Recognition},
  volume={37},
  pages={1757--1771},
  year={2004},
}
 
@inproceedings{verbeek2007region,
  title={{Region classification with Markov field aspect models}},
  author={Verbeek, J. and Triggs, B.},
  booktitle={Computer Vision and Pattern Recognition},
  pages={1--8},
  year={2007},
}
@inproceedings{ladicky2009associative,
  title={{Associative hierarchical CRFs for object class image segmentation}},
  author={Ladicky, L. and Russell, C. and Kohli, P. and Torr, P.H.S.},
  booktitle={International Conference on Computer Vision},
  pages={739--746},
  year={2009},
}
@inproceedings{gonfaus2010harmony,
  title={Harmony potentials for joint classification and segmentation},
  author={Gonfaus, J.M. and Boix, X. and van de Weijer, J. and Bagdanov, A.D. and Serrat, J. and Gonzalez, J.},
  booktitle={Conference on Computer Vision and Pattern Recognition},
  year={2010},
}

@article{schroff2006single,
  title={Single-histogram class models for image segmentation},
  author={Schroff, F. and Criminisi, A. and Zisserman, A.},
  journal={Computer Vision, Graphics and Image Processing},
  pages={82--93},
  year={2006},
  publisher={Springer}
}
@article{russell2008labelme,
  title={LabelMe: a database and web-based tool for image annotation},
  author={Russell, B.C. and Torralba, A. and Murphy, K.P. and Freeman, W.T.},
  journal={International Journal of Computer Vision},
  volume={77},
  number={1},
  pages={157--173},
  year={2008},
  publisher={Springer}
}
@article{hanbury2008superpixels,
  title={How Do Superpixels Affect Image Segmentation?},
  author={Hanbury, A.},
  journal={Progress in Pattern Recognition, Image Analysis and Applications},
  pages={178--186},
  year={2008},
  publisher={Springer}
}

@article{schulz2011exploiting,
  title={{Exploiting local structure in Boltzmann machines}},
  author={Schulz, H. and M{\"u}ller, A. and Behnke, S.},
  journal={Neurocomputing},
  volume={74},
  number={9},
  pages={1411--1417},
  year={2011},
  publisher={Elsevier}
}
@article{shogun,
  title={The SHOGUN machine learning toolbox},
  author={Sonnenburg, S. and R{\"a}tsch, G. and Henschel, S. and Widmer, C. and Behr, J. and Zien, A. and Bona, F. and Binder, A. and Gehl, C. and Franc, V.},
  journal={The Journal of Machine Learning Research},
  volume={99},
  pages={1799--1802},
  year={2010},
  publisher={MIT Press}
}
@article{svmlight,
  title={{Making large-Scale SVM Learning Practical}},
  journal={Advances in Kernel Methods-Support Vector Learning, },
  author={Joachims, T. Sch{\"o}lkopf, B. and Burges, C. and Smola,A.},
  year={1999},
  publisher={MIT press}
}

@inproceedings{andrews2003support,
  title={Support vector machines for multiple-instance learning},
  author={Andrews, S. and Tsochantaridis, I. and Hofmann, T.},
  journal={Advances in neural information processing systems},
  pages={577--584},
  year={2003},
}

@inproceedings{schroff2008object,
  title={Object class segmentation using random forests},
  author={Schroff, F. and Criminisi, A. and Zisserman, A.},
  booktitle={British Machine Vision Conference},
  year={2008},
}
@inproceedings{jiang2009efficient,
  title={Efficient scale space auto-context for image segmentation and labeling},
  author={Jiang, J. and Tu, Z.},
  booktitle={Conference on Computer Vision and Pattern Recognition},
  year={2009},
  pages={1810--1817},
}
@inproceedings{fulkerson2009class,
  title={Class segmentation and object localization with superpixel neighborhoods},
  author={Fulkerson, B. and Vedaldi, A. and Soatto, S.},
  booktitle={International Conference on Computer Vision},
  pages={670--677},
  year={2009},
}
@article{dietterich1997solving,
  title={Solving the multiple instance problem with axis-parallel rectangles},
  author={Dietterich, T.G. and Lathrop, R.H. and Lozano-P{\'e}rez, T.},
  journal={Artificial Intelligence},
  volume={89},
  number={1-2},
  pages={31--71},
  year={1997},
  publisher={Elsevier}
}
@Article{pascal,
   author = "Everingham, M. and Van~Gool, L. and Williams, C. K. I. and Winn, J. and Zisserman, A.",
   title = {{The Pascal Visual Object Classes (VOC) Challenger}},
   journal = "International Journal of Computer Vision",
   volume = "88",
   year = "2010",
   number = "2",
   month = jun,
   pages = "303--338",
} 
@article{lowe2004distinctive,
  title={Distinctive image features from scale-invariant keypoints},
  author={Lowe, D.G.},
  journal={International Journal of Computer Vision},
  volume={60},
  number={2},
  pages={91--110},
  year={2004},
  publisher={Springer}
}
@inproceedings{dalal2005histograms,
  title={Histograms of Oriented Gradients for Human Detection},
  author={Dalal, N. and Triggs, B.},
  booktitle={Converence on Computer Vision and Pattern Recognition},
  volume={1},
  pages={886--893},
  year={2005}
}
@article{van2009evaluating,
  title={Evaluating color descriptors for object and scene recognition},
  author={Van De Sande, K.E.A. and Gevers, T. and Snoek, C.G.M.},
  journal={Transactions on Pattern Analysis and Machine Intelligence},
  pages={1582--1596},
  year={2009},
}
@inproceedings{sabato2010reducing,
  title={Reducing label complexity by learning from bags},
  author={Sabato, S. and Srebreo, N. and Tishby, N.},
  year={2010},
  booktitle={Artificial Intelligence and Statistics}
}
@inproceedings{sabato2009homogeneous,
  title={Homogeneous multi-instance learning with arbitrary dependence},
  author={Sabato, S. and Tishby, N.},
  booktitle={Proceedings of the Conference on Computational Learning Theory},
  year={2009},
}
@article{DBLP:journals/corr/abs-1107-2021,
  author    = {Sivan Sabato and
               Naftali Tishby},
  title     = {Multi-Instance Learning with Any Hypothesis Class},
  journal   = {CoRR},
  volume    = {abs/1107.2021},
  year      = {2011},
  ee        = {http://arxiv.org/abs/1107.2021},
  bibsource = {DBLP, http://dblp.uni-trier.de}
}
@article{blum1998note,
  title={A note on learning from multiple-instance examples},
  author={Blum, A. and Kalai, A.},
  journal={Machine Learning},
  volume={30},
  number={1},
  pages={23--29},
  year={1998},
  publisher={Springer}
}
@inproceedings{auer1997approximating,
  title={Approximating hyper-rectangles: Learning and pseudo-random sets},
  author={Auer, P. and Long, P.M. and Srinivasan, A.},
  booktitle={Annual ACM Symposium on Theory of Computing},
  volume={29},
  pages={314--323},
  year={1997},
}
@inproceedings{gehler2007deterministic,
  title={Deterministic annealing for multiple-instance learning},
  author={Gehler, P.V. and Chapelle, O.},
  booktitle={International Conference on Artificial Intelligence and Statistics},
  year={2007},
}
@article{zhang2002dd,
  title={EM-DD: An improved multiple-instance learning technique},
  author={Zhang, Q. and Goldman, S.A.},
  journal={Advances in neural information processing systems},
  volume={2},
  pages={1073--1080},
  year={2002},
  publisher={Citeseer}
}
@article{mangasarian2008multiple,
  title={Multiple instance classification via successive linear programming},
  author={Mangasarian, O. and Wild, E.W.},
  journal={Journal of Optimization Theory and Applications},
  volume={137},
  number={3},
  pages={555--568},
  year={2008},
  publisher={Springer}
}
@article{leistner2010miforests,
  title={MIForests: multiple-instance learning with randomized trees},
  author={Leistner, C. and Saffari, A. and Bischof, H.},
  journal={Computer Vision--ECCV 2010},
  pages={29--42},
  year={2010},
  publisher={Springer}
}
@article{chen2006miles,
  title={MILES: Multiple-instance learning via embedded instance selection},
  author={Chen, Y. and Bi, J. and Wang, J.Z.},
  journal={IEEE Transactions on Pattern Analysis and Machine Intelligence},
  pages={1931--1947},
  year={2006},
  publisher={IEEE Computer Society}
}

