
@misc{Authors10,
 author = {Authors},
 title = {The frobnicatable foo filter},
 note = {{E}CCV10 submission ID 324. Supplied as additional material {\tt eccv08.pdf}},
 year = 2010
}

