@string{NIPS = "Neural Information Processing Systems"}
@string{ICML = "International Conference on Machine Learning"}
@string{JMLR = "Journal of Machine Learning Research"}
@string{PAMI = "Pattern Analysis and Machine Intelligence"}

@article{slonim1999agglomerative,
  title={Agglomerative information bottleneck},
  author={Slonim, N. and Tishby, N.},
  journal=NIPS,
  year={1999},
}


@inproceedings{faivishevsky2010nonparametric,
  title={{A nonparametric information theoretic clustering algorithm}},
  author={Faivishevsky, L. and Goldberger, J.},
  booktitle=ICML,
  year={2010},
}

@article{sugiyama2011information,
  title={{Information-maximization clustering based on squared-loss mutual information}},
  author={Sugiyama, M. and Yamada, M. and Kimura, M. and Hachiya, H.},
  journal={Arxiv preprint arXiv:1112.0611},
  year={2011}
}

@article{gokcay2002information,
  title={{Information theoretic clustering}},
  author={Gokcay, E. and Principe, J.C.},
  journal=PAMI,
  volume={24},
  year={2002},
}

@article{hero1999asymptotic,
  title={{Asymptotic theory of greedy approximations to minimal k-point random graphs}},
  author={Hero III, A.O. and Michel, O.J.J.},
  journal={Information Theory},
  volume={45},
  year={1999},
}

@INPROCEEDINGS{mlpack2011,
  author    = {Ryan R. Curtin and James R. Cline and Neil P. Slagle and Matthew L. Amidon and Alexander G. Gray},
  title     = {{MLPACK: A scalable C++ machine learning library}},
  booktitle = {{BigLearning: Algorithms, Systems, and Tools for Learning at Scale}},
  year      = {2011}
}

@inproceedings{dtb2010,
   author = {{March, W.B., Ram, P., and Gray, A.G.}},
   title = {{Fast Euclidean minimum spanning tree: algorithm, analysis, applications.}},
   booktitle = {International Conference on Knowledge Discovery and Data Mining},
   year = {2010}
}

@inproceedings{macqueen1967some,
  title={{Some methods for classification and analysis of multivariate observations}},
  author={MacQueen, J.},
  booktitle={Berkeley Symposium on Mathematical Statistics and Probability},
  year={1967},
}

@article{lloyd1982least,
  title={{Least squares quantization in PCM}},
  author={Lloyd, S.},
  journal={Information Theory},
  volume={28},
  year={1982},
}

@article{gower1969minimum,
  title={{Minimum spanning trees and single linkage cluster analysis}},
  author={Gower, J.C. and Ross, GJS},
  journal={Applied Statistics},
  year={1969},
  publisher={JSTOR}
}

@inproceedings{arthur2006slow,
  title={{How slow is the k-means method?}},
  author={Arthur, D. and Vassilvitskii, S.},
  booktitle={Symposium on Computational Geometry},
  year={2006},
}

@inproceedings{bottou1995convergence,
  title={{Convergence properties of the k-means algorithms}},
  author={Bottou, L. and Bengio, Y.},
  booktitle=NIPS,
  year={1995},
}
@article{eppstein1999spanning,
  title={{Spanning Trees and Spanners}},
  author={Eppstein, D.},
  journal={Handbook of computational geometry},
  year={1999}
}

@inproceedings{barber2006kernelized,
  title={{Kernelized infomax clustering}},
  author={Barber, F.V.A.D.},
  booktitle=NIPS,
  year={2006},
}

@article{dhillon2003divisive,
  title={{A divisive information theoretic feature clustering algorithm for text classification}},
  author={Dhillon, I.S. and Mallela, S. and Kumar, R.},
  journal=JMLR,
  volume={3},
  year={2003},
}

@article{banerjee2005clustering,
  title={{Clustering with Bregman divergences}},
  author={Banerjee, A. and Merugu, S. and Dhillon, I.S. and Ghosh, J.},
  journal=JMLR,
  volume={6},
  year={2005},
}

@inproceedings{ng2002spectral,
  title={On spectral clustering: analysis and an algorithm},
  author={Ng, A.Y. and Jordan, M.I. and Weiss, Y.},
  booktitle=NIPS,
  year={2002},
}
@article{shi2000normalized,
  title={Normalized cuts and image segmentation},
  author={Shi, J. and Malik, J.},
  journal=PAMI,
  volume={22},
  year={2000},
}

@article{pedregosa2011scikit,
  title={Scikit-learn: Machine learning in Python},
  author={Pedregosa, F. and Varoquaux, G. and Gramfort, A. and Michel, V. and Thirion, B. and Grisel, O. and Blondel, M. and Prettenhofer, P. and Weiss, R. and Dubourg, V. and others},
  journal=JMLR,
  volume={12},
  year={2011},
}

@article{hubert1985comparing,
  title={Comparing Partitions},
  author={Hubert, L. and Arabie, P.},
  journal={Journal of Classification},
  volume={2},
  year={1985},
  publisher={Springer}
}

@article{pettis1979intrinsic,
  title={An intrinsic dimensionality estimator from near-neighbor information},
  author={Pettis, K.W. and Bailey, T.A. and Jain, A.K. and Dubes, R.C.},
  journal=PAMI,
  volume={1},
  year={1979},
}

@inproceedings{pereira1993distributional,
  title={Distributional clustering of English words},
  author={Pereira, F. and Tishby, N. and Lee, L.},
  booktitle={31st Annual Meeting on Association for Computational Linguistics},
  year={1993},
}
@article{rand1971objective,
  title={Objective criteria for the evaluation of clustering methods},
  author={Rand, W.M.},
  journal={Journal of the American Statistical association},
  year={1971},
  publisher={JSTOR}
}
@article{yeung2001details,
  title={Details of the adjusted Rand index and clustering algorithms, supplement to the paper “An empirical study on principal component analysis for clustering gene expression data”},
  author={Yeung, K.Y. and Ruzzo, W.L.},
  journal={Bioinformatics},
  volume={17},
  year={2001}
}
@inproceedings{gomes2010discriminative,
  title={Discriminative clustering by regularized information maximization},
  author={Gomes, R. and Krause, A. and Perona, P.},
  booktitle=NIPS,
  year={2010}
}

@inproceedings{kamvar2003spectral,
  title={Spectral learning},
  author={Kamvar, K. and Sepandar, S. and Klein, K. and Dan, D. and Manning, M. and Christopher, C.},
  booktitle={International Joint Conference of Artificial Intelligence},
  year={2003},
}
@article{monti2003consensus,
  title={Consensus clustering: a resampling-based method for class discovery and visualization of gene expression microarray data},
  author={Monti, S. and Tamayo, P. and Mesirov, J. and Golub, T.},
  journal={Machine learning},
  volume={52},
  year={2003},
  publisher={Springer}
}

@article{zahn1971graph,
  title={Graph-theoretical methods for detecting and describing gestalt clusters},
  author={Zahn, C.T.},
  journal={IEEE Transactions on Computers},
  volume={100},
  year={1971},
  publisher={IEEE}
}

@inproceedings{grygorash2006minimum,
  title={Minimum spanning tree based clustering algorithms},
  author={Grygorash, O. and Zhou, Y. and Jorgensen, Z.},
  booktitle={International Converence on Tools with Artificial Intelligence},
  year={2006},
}
@article{strehl2003cluster,
  title={Cluster ensembles---a knowledge reuse framework for combining multiple partitions},
  author={Strehl, A. and Ghosh, J.},
  journal=JMLR,
  volume={3},
  year={2003},
}

